@inproceedings{burrows2006chubby,
  title={The Chubby lock service for loosely-coupled distributed systems},
  author={Burrows, Mike},
  booktitle={Proceedings of the 7th symposium on Operating systems design and implementation},
  pages={335--350},
  year={2006}
}

@inproceedings{ongaro2014raft,
  title={In search of an understandable consensus algorithm},
  author={Ongaro, Diego and Ousterhout, John},
  booktitle={2014 USENIX annual technical conference (USENIX ATC 14)},
  pages={305--319},
  year={2014}
}

@misc{course6.824,
  author = {Massachusetts Institute of Technology, Computer Science \& Artificial Intelligence Laboratory},
  title = {Distributed System Course at MIT},
  howpublished = {Online},
  url = {https://pdos.csail.mit.edu/6.824/}
}

@article{lamport2006fast,
  title={Fast paxos},
  author={Lamport, Leslie},
  journal={Distributed Computing},
  volume={19},
  pages={79--103},
  year={2006},
  publisher={Springer}
}

@article{lamport1998paxos,
  author = {Lamport, Leslie},
  title = {The Part-Time Parliament},
  year = {1998},
  month = {5},
  url = {https://www.microsoft.com/en-us/research/publication/part-time-parliament/},
  journal = {ACM Transactions on Computer Systems 16, 2 (May 1998)},
  pages = {133--169},
  note = {ACM SIGOPS Hall of Fame Award in 2012},
}

@article{lamport2001paxos,
  title={Paxos made simple},
  author={Lamport, Leslie},
  journal={ACM SIGACT News (Distributed Computing Column) 32, 4 (Whole Number 121, December 2001)},
  pages={51--58},
  year={2001}
}